%% This BibTeX bibliography file was created using BibDesk.
%% http://bibdesk.sourceforge.net/


%% Created for Yu Chen at 2015-04-15 10:56:07 +0100 


%% Saved with string encoding Unicode (UTF-8) 



@misc{multiple-corearchitectures,
	Author = {Jernej Barbic},
	Date-Added = {2015-04-15 09:51:51 +0000},
	Date-Modified = {2015-04-15 09:56:06 +0000},
	Howpublished = {May 3, 2007, pdf},
	Month = {Last checked: Apr.},
	Note = {Available at: \url{http://www.cs.cmu.edu/~fp/courses/15213-s07/lectures/27-multicore.pdf}},
	Title = {Multiple-core architectures},
	Year = {2015}}

@misc{gregdoyle,
	Author = {Greg Doyle},
	Date-Added = {2015-04-15 08:53:15 +0000},
	Date-Modified = {2015-04-15 08:54:39 +0000},
	Howpublished = {Linkedin},
	Month = {Last checked: Apr.},
	Note = {Available at: \url{https://www.linkedin.com/in/gregdoyleitcarlow}},
	Title = {Email: Greg.DOYLE@itcarlow.ie},
	Year = {2015}}

@misc{marianmurphy,
	Author = {Marian Murphy},
	Date-Added = {2015-04-15 08:46:09 +0000},
	Date-Modified = {2015-04-15 08:56:39 +0000},
	Title = {Email: Marian.Murphy@itcarlow.ie}}

@misc{philipbourke,
	Author = {Philip Bourke},
	Date-Added = {2015-04-15 08:39:00 +0000},
	Date-Modified = {2015-04-15 08:40:19 +0000},
	Howpublished = {Linkedin},
	Month = {Last checked: Apr.},
	Note = {Available at: \url{https://www.linkedin.com/in/bourkephilip}},
	Title = {Email: philip.Bourke@itcarlow.ie},
	Year = {2015}}

@misc{kenpower,
	Author = {Ken Power},
	Date-Added = {2015-04-15 08:19:14 +0000},
	Date-Modified = {2015-04-15 08:28:09 +0000},
	Howpublished = {Linkedin},
	Month = {Last checked: Apr.},
	Note = {Available at: \url{https://ie.linkedin.com/pub/ken-power/46/935/496}},
	Title = {Email: ken.power@itcarlow.ie},
	Year = {2015}}

@misc{paulbarry,
	Author = {Paul Barry},
	Date-Added = {2015-04-15 08:12:59 +0000},
	Date-Modified = {2015-04-15 08:31:41 +0000},
	Howpublished = {Homepage},
	Month = {Last checked: Apr.},
	Note = {Available at: \url{http://glasnost.itcarlow.ie/~barryp/}},
	Title = {Email: paul.barry@itcarlow.ie},
	Year = {2015}}

@misc{christophemeudec,
	Author = {Christophe Meudec},
	Date-Added = {2015-04-15 08:10:16 +0000},
	Date-Modified = {2015-04-15 08:29:55 +0000},
	Howpublished = {Linkedin},
	Month = {Last checked: Apr.},
	Note = {Available at: \url{https://ie.linkedin.com/pub/christophe-meudec/46/178/811}},
	Title = {Email: echancrure@gmail.com},
	Year = {2015}}

@misc{josephkehoe,
	Author = {Joseph Kehoe},
	Date-Added = {2015-04-15 08:05:16 +0000},
	Date-Modified = {2015-04-15 08:30:23 +0000},
	Howpublished = {Linkedin},
	Month = {Last checked: Apr.},
	Note = {Available at: \url{https://ie.linkedin.com/in/josephkehoe}},
	Title = {Email: joseph.kehoe@itcarlow.ie},
	Year = {2015}}

@misc{bundle,
	Date-Added = {2015-04-14 10:51:50 +0000},
	Date-Modified = {2015-04-14 10:52:07 +0000},
	Howpublished = {webpage},
	Month = {Last checked: Apr.},
	Note = {Available at: \url{https://developer.apple.com/library/mac/documentation/CoreFoundation/Conceptual/CFBundles/BundleTypes/BundleTypes.html}},
	Title = {Bundle},
	Year = {2015}}

@misc{sourceforge,
	Date-Added = {2015-04-14 10:29:11 +0000},
	Date-Modified = {2015-04-14 10:29:38 +0000},
	Howpublished = {webpage},
	Month = {Last checked: Apr.},
	Note = {Available at: \url{https://sourceforge.net}},
	Title = {SourceForge},
	Year = {2015}}

@misc{cmakegui,
	Date-Added = {2015-04-13 18:32:18 +0000},
	Date-Modified = {2015-04-13 18:32:43 +0000},
	Howpublished = {webpage},
	Month = {Last checked: Apr.},
	Note = {Available at: \url{http://www.cmake.org/cmake/help/v3.0/manual/cmake-gui.1.html}},
	Title = {cmake-gui},
	Year = {2015}}

@misc{sourcetree,
	Date-Added = {2015-04-13 18:31:08 +0000},
	Date-Modified = {2015-04-13 18:31:49 +0000},
	Howpublished = {webpage},
	Month = {Last checked: Apr.},
	Note = {Available at: \url{https://www.atlassian.com/software/sourcetree/overview}},
	Title = {SourceTree},
	Year = {2015}}

@misc{sfml,
	Date-Added = {2015-04-13 18:17:33 +0000},
	Date-Modified = {2015-04-13 18:18:02 +0000},
	Howpublished = {webpage},
	Month = {Last checked: Apr.},
	Note = {Available at: \url{http://www.sfml-dev.org/index.php}},
	Title = {SFML},
	Year = {2015}}

@misc{homebrew,
	Date-Added = {2015-04-13 17:16:04 +0000},
	Date-Modified = {2015-04-13 17:16:34 +0000},
	Howpublished = {webpage},
	Month = {Last checked: Apr.},
	Note = {Available at: \url{http://brew.sh}},
	Title = {Homebrew},
	Year = {2015}}

@misc{inteltbb,
	Date-Added = {2015-04-13 13:03:25 +0000},
	Date-Modified = {2015-04-13 13:03:57 +0000},
	Howpublished = {webpage},
	Month = {Last checked: Apr.},
	Note = {Available at: \url{https://www.threadingbuildingblocks.org}},
	Title = {Intel TBB},
	Year = {2015}}

@misc{gcc,
	Date-Added = {2015-04-13 12:45:46 +0000},
	Date-Modified = {2015-04-13 12:46:00 +0000},
	Howpublished = {webpage},
	Month = {Last checked: Apr.},
	Note = {Available at: \url{https://gcc.gnu.org}},
	Title = {GCC},
	Year = {2015}}

@misc{visualstudiocommunity,
	Date-Added = {2015-04-13 12:27:21 +0000},
	Date-Modified = {2015-04-13 12:28:21 +0000},
	Howpublished = {webpage},
	Month = {Last checked: Apr.},
	Note = {Available at: \url{https://www.visualstudio.com}},
	Title = {Visual Studio Community},
	Year = {2015}}

@misc{llvm,
	Date-Added = {2015-04-13 12:06:11 +0000},
	Date-Modified = {2015-04-13 12:06:32 +0000},
	Howpublished = {webpage},
	Month = {Last checked: Apr.},
	Note = {Available at: \url{http://llvm.org}},
	Title = {LLVM},
	Year = {2015}}

@misc{xcode,
	Date-Added = {2015-04-13 12:03:22 +0000},
	Date-Modified = {2015-04-13 12:03:44 +0000},
	Howpublished = {webpage},
	Month = {Last checked: Apr.},
	Note = {Available at: \url{https://developer.apple.com/xcode/}},
	Title = {Xcode},
	Year = {2015}}

@misc{ubuntu14_04LTS,
	Date-Added = {2015-04-13 12:02:00 +0000},
	Date-Modified = {2015-04-13 12:02:00 +0000},
	Howpublished = {webpage},
	Month = {Last checked: Apr.},
	Note = {Available at: \url{http://releases.ubuntu.com/14.04/}},
	Title = {Ubuntu 14.04 LTS},
	Year = {2015}}

@misc{vmwarefusion,
	Date-Added = {2015-04-13 11:35:42 +0000},
	Date-Modified = {2015-04-13 11:35:42 +0000},
	Howpublished = {webpage},
	Month = {Last checked: Apr.},
	Note = {Available at: \url{www.vmware.com/products/fusion}},
	Title = {VMware Fusion},
	Year = {2015}}

@misc{osxyosemite,
	Date-Added = {2015-04-13 11:32:21 +0000},
	Date-Modified = {2015-04-13 12:02:35 +0000},
	Howpublished = {webpage},
	Month = {Last checked: Apr.},
	Note = {Available at: \url{https://www.apple.com/osx/}},
	Title = {OS X Yosemite},
	Year = {2015}}

@misc{microsoftwindows7,
	Date-Modified = {2015-04-13 11:34:57 +0000},
	Howpublished = {webpage},
	Month = {Last checked: Apr.},
	Note = {Available at: \url{https://support.microsoft.com/en-us/product/windows/windows-7}},
	Title = {Microsoft Windows 7},
	Year = {2015}}
