%% This BibTeX bibliography file was created using BibDesk.
%% http://bibdesk.sourceforge.net/


%% Created for Yu Chen at 2015-04-12 18:59:40 +0100 


%% Saved with string encoding Unicode (UTF-8) 



@misc{openglvsd3x,
	Date-Added = {2015-04-12 17:55:39 +0000},
	Date-Modified = {2015-04-12 17:59:26 +0000},
	Howpublished = {webpage},
	Month = {Last checked: Apr.},
	Note = {Available at: \url{http://www.cprogramming.com/tutorial/openglvsdirectx.html}},
	Title = {OpenGL vs. DirectX: A Comparison},
	Year = {2015}}

@misc{debreate,
	Date-Added = {2015-04-09 10:44:01 +0000},
	Date-Modified = {2015-04-12 17:59:01 +0000},
	Howpublished = {webpage},
	Month = {Last checked: Apr.},
	Note = {Available at: \url{http://debreate.sourceforge.net}},
	Title = {Debreate Official Website},
	Year = {2015}}

@misc{installforge,
	Date-Added = {2015-04-09 10:42:13 +0000},
	Date-Modified = {2015-04-12 17:59:05 +0000},
	Howpublished = {webpage},
	Month = {Last checked: Apr.},
	Note = {Available at: \url{http://installforge.net}},
	Title = {Installforge Official Website},
	Year = {2015}}

@misc{PackageMaker,
	Date-Added = {2015-04-09 09:15:00 +0000},
	Date-Modified = {2015-04-12 17:59:16 +0000},
	Howpublished = {video},
	Month = {Last checked: Apr.},
	Note = {Available at: \url{https://www.youtube.com/watch?v=IMchiBazbiI}},
	Title = {Mac OS X PackageMaker},
	Year = {2015}}

@misc{latex,
	Date-Added = {2015-04-09 09:14:23 +0000},
	Date-Modified = {2015-04-12 17:59:11 +0000},
	Howpublished = {webpage},
	Month = {Last checked: Apr.},
	Note = {Available at: \url{http://www.latex-project.org}},
	Title = {LaTeX -- A document preparation systemr},
	Year = {2015}}

@misc{parallelismVsConcurrency,
	Date-Added = {2015-04-09 09:13:29 +0000},
	Date-Modified = {2015-04-12 17:59:32 +0000},
	Howpublished = {webpage},
	Month = {Last checked: Apr.},
	Note = {Available at: \url{https://wiki.haskell.org/Parallelism_vs._Concurrency}},
	Title = {Parallelism vs. Concurrency},
	Year = {2015}}

@misc{sdl,
	Date-Added = {2015-04-09 09:12:58 +0000},
	Date-Modified = {2015-04-12 17:58:56 +0000},
	Howpublished = {webpage},
	Month = {Last checked: Apr.},
	Note = {Available at: \url{https://www.libsdl.org}},
	Title = {About SDL},
	Year = {2015}}

@misc{sfml,
	Date-Added = {2015-04-09 09:12:16 +0000},
	Date-Modified = {2015-04-12 17:59:36 +0000},
	Howpublished = {webpage},
	Month = {Last checked: Apr.},
	Note = {Available at: \url{http://www.sfml-dev.org/index.php}},
	Title = {SFML},
	Year = {2015}}

@misc{opengl,
	Date-Added = {2015-04-09 09:11:01 +0000},
	Date-Modified = {2015-04-09 10:24:10 +0000},
	Howpublished = {webpage},
	Month = {Last checked: Apr.},
	Note = {Available at: \url{https://www.opengl.org/about/}},
	Title = {OpenGL OverviewData Encryption},
	Year = {2015}}
