%% This BibTeX bibliography file was created using BibDesk.
%% http://bibdesk.sourceforge.net/


%% Created for Yu Chen at 2015-04-09 03:44:52 +0100 


%% Saved with string encoding Unicode (UTF-8) 



@misc{cc,
	Author = {cc},
	Date-Added = {2015-04-09 02:43:32 +0000},
	Date-Modified = {2015-04-09 02:44:30 +0000},
	Howpublished = {asdf},
	Journal = {cc},
	Keywords = {cc},
	Month = {cc},
	Number = {c},
	Pages = {ccc},
	Title = {cc},
	Volume = {ccc},
	Year = {cc}}

@misc{bworld,
	Author = {123},
	Date-Modified = {2015-04-09 02:30:29 +0000},
	Howpublished = {\url{http://aiweb.techfak.uni-bielefeld.de/content/bworld-robot-control-software/}},
	Note = {[Online; accessed 19-July-2008]},
	Title = {{BWorld Robot Control Software}},
	Year = {2008}}
